@online{virtualdocker,
    author        = {Robert Malai},
    title         = {Docker: A Different Breed of Virtualization},
    year          = {2018},
    url           = {https://www.3pillarglobal.com/insights/docker-different-breed-virtualization}
}

@online{polp,
    author        = {Wikipedia docs team},
    title         = {Principle of Least Privilege},
    year          = {2010},
    url           = {https://en.wikipedia.org/wiki/Principle_of_least_privilege}
}

@online{dockerall,
    author        = {Shota Jolbordi},
    title         = {A comprehensive introduction to Docker, Virtual Machines, and Containers},
    year          = {2018},
    url           = {https://medium.freecodecamp.org/comprehensive-introductory-guide-to-docker-vms-and-containers-4e42a13ee103}
}

@online{redvirtual,
    author        = {Red Hat docs team},
    title         = {What is virtualization?},
    year          = {2017},
    url           = {https://www.redhat.com/en/topics/virtualization}
}

@online{dockergetstarted,
    author        = {Docker docs team},
    title         = {Get started with Docker},
    year          = {2016},
    url           = {https://docs.docker.com/get-started/}
}

@online{conteintro,
    author        = {Vineet Chaturvedi},
    title         = {Docker Tutorial: Introduction To Docker and Containerization},
    year          = {2018},
    url           = {https://www.edureka.co/blog/docker-tutorial}
}

@online{dockernotvm,
    author        = {Mike Coleman},
    title         = {Containers are not VMs},
    year          = {2016},
    url           = {https://blog.docker.com/2016/03/containers-are-not-vms/}
}

@book{bookdock,
    author        = {Adrian Mouat},
    title         = {Using Docker},
    year          = {2015}
}

@online{isolatiocont,
    author        = {Jeff Nickoloff},
    title         = {Containerization is not Virtualization},
    year          = {2015},
    url           = {https://medium.com/on-docker/containerization-is-not-virtualization-c7a9b841518}
}

@online{wikimac,
    author        = {Wikipedia docs team},
    title         = {Mandatory Access Control},
    year          = {2010},
    url           = {https://en.wikipedia.org/wiki/Mandatory_access_control}
}

@online{archlsm,
    author        = {Arch linux docs team},
    title         = {AppArmor},
    year          = {2015},
    url           = {https://wiki.archlinux.org/index.php/AppArmor}
}

@online{whatsdockerfile,
    author        = {Tim Butler},
    title         = {What is a Dockerfile?},
    year          = {2015},
    url           = {https://www.conetix.com.au/blog/what-is-a-dockerfile}
}

@online{containercaps,
    author        = {Luke Hinds},
    title         = {Linux Capabilities},
    year          = {2016},
    url           = {http://lukehinds.com/2016/02/07/linux-capabilities.html}
}

@online{devices,
    author        = {David Both},
    title         = {Managing devices in Linux},
    year          = {2016},
    url           = {https://opensource.com/article/16/11/managing-devices-linux}
}

@online{securityattacks,
    author        = {Shira Caldie},
    title         = {Using Docker containers? Beware of these security risks},
    year          = {2017},
    url           = {https://www.ontrack.com/uk/blog/the-world-of-data/using-docker-containers-beware-of-these-security-risks/}
}

@online{runningroot,
    author        = {Marc Campbell},
    title         = {Processes In Containers Should Not Run As Root},
    year          = {2017},
    url           = {https://medium.com/@mccode/processes-in-containers-should-not-run-as-root-2feae3f0df3b}
}

@online{dockerbestpractices,
    author        = {Docker docs team},
    title         = {Best practices for writing Dockerfiles: USER},
    year          = {2016},
    url           = {https://docs.docker.com/develop/develop-images/dockerfile_best-practices/#user}
}

@online{raesene_userns,
    author        = {Rory McCune},
    title         = {Docker 1.10 Notes - User Namespaces},
    year          = {2016},
    url           = {https://raesene.github.io/blog/2016/02/04/Docker-User-Namespaces/}
}

@online{usernsnotsosecure,
    author        = {Erica Windisch},
    title         = {Linux user namespaces might not be secure enough? a.k.a. subverting POSIX capabilities},
    year          = {2015},
    url           = {https://medium.com/@ewindisch/linux-user-namespaces-might-not-be-secure-enough-a-k-a-subverting-posix-capabilities-f1c4ae19cad}
}

@online{diagramuserns,
    author        = {Michael Kerrisk},
    title         = {Understanding user namespaces},
    year          = {2017},
    url           = {http://man7.org/conf/osseu2017/understanding_user_namespaces-OSS.eu-2017-Kerrisk.pdf}
}

@online{dockerdocsmount,
    author        = {Docker docs team},
    title         = {Manage data in Docker},
    year          = {2016},
    url           = {https://docs.docker.com/storage/}
}

@online{nsentertrick,
    author        = {Michael Ben-Nes},
    title         = {How to install nsenter on Ubuntu 14.04},
    year          = {2014},
    url           = {https://gist.github.com/mbn18/0d6ff5cb217c36419661}
}

@online{dockergroup,
    author        = {Amir Jerbi},
    title         = {Docker Security - Admin Controls},
    year          = {2015},
    url           = {https://container-solutions.com/docker-security-admin-controls-2/}
}

@online{redhatspc,
    author        = {Red Hat Atomic Host Documentation Team},
    title         = {Running Super-Privileged Containers},
    year          = {2018},
    url           = {https://access.redhat.com/documentation/en-us/red_hat_enterprise_linux_atomic_host/7/html/managing_containers/running_super_privileged_containers}
}

@online{spcbydanwalsh,
    author        = {Daniel Walsh},
    title         = {Introducing a *Super* Privileged Container Concept},
    year          = {2014},
    url           = {https://developers.redhat.com/blog/2014/11/06/introducing-a-super-privileged-container-concept/}
}

@online{hosttakeover,
    author        = {Amir Jerbi},
    title         = {Docker Host Takeover Demo},
    year          = {2015},
    url           = {https://github.com/jerbia/container_hack}
}

@online{dind,
    author        = {Jerome Petazzoni},
    title         = {Docker can now run within Docker},
    year          = {2013},
    url           = {https://blog.docker.com/2013/09/docker-can-now-run-within-docker/}
}

@online{dockerbestpr,
    author        = {Docker docs team},
    title         = {Best practices for writing Dockerfiles},
    year          = {2016},
    url           = {https://docs.docker.com/develop/develop-images/dockerfile_best-practices/}
}

@online{onentryattacks,
    author        = {Red Hat Team},
    title         = {On-entry container attack - CVE-2016-9962},
    year          = {2017},
    url           = {https://access.redhat.com/security/vulnerabilities/cve-2016-9962}
}

@book{troubledocker,
    author        = {Vaibhav Kohli, Rajdeep Dua, John Wooten},
    title         = {Troubleshooting Docker},
    year          = {2017}
}

@online{mountonrunning,
    author        = {Kynan Rilee},
    title         = {Mount volumes into a running container},
    year          = {2017},
    url           = {https://medium.com/kokster/mount-volumes-into-a-running-container-65a967bee3b5}
}

@online{susepam,
    author        = {OpenSUSE docs team},
    title         = {Authentication with PAM},
    year          = {2018},
    url           = {https://doc.opensuse.org/documentation/leap/security/html/book.security/cha.pam.html}
}

@online{app3seth,
    author        = {Seth Arnold},
    title         = {AppArmor 3.0},
    year          = {2018},
    url           = {https://saimei.ftp.acc.umu.se/pub/debian-meetings/2018/DebConf18/2018-08-05/apparmor-3-0.webm}
}

@online{app3suse,
    author        = {John Johansen},
    title         = {AppArmor 3.0 and beyond @ openSUSE Conference 2018},
    year          = {2018},
    url           = {https://www.youtube.com/watch?v=ofeCpN99FU8}
}

@online{cloudsuite,
    author        = {CloudSuite group of Parallel Systems Architecture Lab EPFL},
    title         = {A Benchmark Suite for Cloud Services},
    year          = {2016},
    url           = {http://cloudsuite.ch/}
}

@online{mediastr,
    author        = {CloudSuite group of Parallel Systems Architecture Lab EPFL},
    title         = {Media Streaming},
    year          = {2017},
    url           = {https://github.com/parsa-epfl/cloudsuite/blob/master/docs/benchmarks/media-streaming.md}
}
